<?xml version = "1.0" encoding = "UTF-8"?>
<OAI-PMH xmlns="http://www.openarchives.org/OAI/2.0/" xmlns:xsi="http://www.w3.org/2001/XMLSchema-instance"
	xsi:schemaLocation="http://www.openarchives.org/OAI/2.0/ http://www.openarchives.org/OAI/2.0/OAI-PMH.xsd">
	<ListRecords>
		<record>
			<header>
				<identifier>aleph-publish:016404146</identifier>
			</header>
			<metadata>
				<record xmlns="http://www.ddb.de/professionell/mabxml/mabxml-1.xsd">
					<leader>------M2.01200024------h</leader>
					<controlfield tag="LDR">------M2.01200024------h
					</controlfield>
					<controlfield tag="FMT">MH</controlfield>
					<datafield tag="001" ind1="-" ind2="1">
						<subfield code="a">HT015381429</subfield>
					</datafield>
					<datafield tag="002" ind1="a" ind2="1">
						<subfield code="a">20071217</subfield>
					</datafield>
					<datafield tag="026" ind1="-" ind2="1">
						<subfield code="a">HBZHT015381429</subfield>
					</datafield>
					<controlfield tag="030">a|1uc||||||37</controlfield>
					<datafield tag="036" ind1="a" ind2="1">
						<subfield code="a">DE</subfield>
					</datafield>
					<datafield tag="037" ind1="b" ind2="1">
						<subfield code="a">ger</subfield>
					</datafield>
					<controlfield tag="050">||||||||g|||||</controlfield>
					<controlfield tag="051">m|||||||</controlfield>
					<datafield tag="070" ind1="-" ind2="1">
						<subfield code="a">107</subfield>
					</datafield>
					<datafield tag="078" ind1="r" ind2="1">
						<subfield code="a">107: edoweb</subfield>
					</datafield>
					<datafield tag="080" ind1="-" ind2="1">
						<subfield code="a">60</subfield>
					</datafield>
					<datafield tag="200" ind1="b" ind2="1">
						<subfield code="k">Planungsgemeinschaft Region Trier
						</subfield>
						<subfield code="9">(DE-588)212415-4</subfield>
					</datafield>
					<datafield tag="201" ind1="-" ind2="1">
						<subfield code="k">Planungsgemeinschaft Trier</subfield>
					</datafield>
					<datafield tag="331" ind1="-" ind2="1">
						<subfield code="a">Regionales Energiekonzept für die Region
							Trier als Beitrag für eine nachhaltige Entwicklung</subfield>
					</datafield>
					<datafield tag="334" ind1="-" ind2="1">
						<subfield code="a">Elektronische Ressource</subfield>
					</datafield>
					<datafield tag="335" ind1="-" ind2="1">
						<subfield code="a">Arlon, 17.03.2005</subfield>
					</datafield>
					<datafield tag="359" ind1="-" ind2="1">
						<subfield code="a">Planungsgemeinschaft Region Trier
						</subfield>
					</datafield>
					<datafield tag="410" ind1="-" ind2="1">
						<subfield code="a">Trier</subfield>
					</datafield>
					<datafield tag="412" ind1="-" ind2="1">
						<subfield code="a">Planungsgemeinschaft</subfield>
					</datafield>
					<datafield tag="425" ind1="a" ind2="1">
						<subfield code="a">2005</subfield>
					</datafield>
					<datafield tag="433" ind1="-" ind2="1">
						<subfield code="a">Ill., Kt.</subfield>
					</datafield>
					<datafield tag="652" ind1="a" ind2="1">
						<subfield code="a">Archivierte Online-Ressource</subfield>
					</datafield>
					<datafield tag="655" ind1="e" ind2="1">
						<subfield code="x">kostenfrei; Langzeitarchivierung
						</subfield>
					</datafield>
					<datafield tag="700" ind1="l" ind2="1">
						<subfield code="a">rpb546000</subfield>
					</datafield>
					<datafield tag="700" ind1="l" ind2="1">
						<subfield code="a">930</subfield>
					</datafield>
					<datafield tag="700" ind1="l" ind2="1">
						<subfield code="a">106</subfield>
					</datafield>
					<datafield tag="700" ind1="l" ind2="1">
						<subfield code="a">139</subfield>
					</datafield>
					<datafield tag="700" ind1="b" ind2="1">
						<subfield code="a">600</subfield>
					</datafield>
					<controlfield tag="SYS">016404146</controlfield>
					<datafield tag="HID" ind1="-" ind2="1">
						<subfield code="s">DTL2ALEPH</subfield>
						<subfield code="c">20080201</subfield>
						<subfield code="l">HBZ01</subfield>
						<subfield code="h">0947</subfield>
					</datafield>
					<datafield tag="655" ind1="e" ind2=" ">
						<subfield code="u">http://digitool.hbz-nrw.de:1801/webclient/DeliveryManager?pid=2238513&amp;custom_att_2=simple_viewer
						</subfield>
						<subfield code="x">Archivierte Online-Ressource</subfield>
					</datafield>
				</record>
			</metadata>
		</record>
	</ListRecords>
</OAI-PMH>